@Article{Johnson,
author = {Edgar G. Johnson and Alfred O. Nier},
title = {Angular Aberrations in Sector Shaped Electromagnetic Lenses for Focusing Beams of 
Charged Particles},
journal = {Physical Review},
year = {1953},
volume = {91},
number = {1},
}

@phdthesis{Zoran,
author = {Zoran Racic},
title = {\'Etude et essais du spectromÃ¨tre Ã  plasma {DYMIO} de la  mission {MARS 96}},
publisher = {UniversitÃ© Pierre et Marie Curie},
year = {1996}
}